@misc{moustakides2019training,
      title={Training Neural Networks for Likelihood/Density Ratio Estimation}, 
      author={George V. Moustakides and Kalliopi Basioti},
      year={2019},
      eprint={1911.00405},
      archivePrefix={arXiv},
      primaryClass={eess.SP}
}

@misc{brehmer2020madminer,
      title={MadMiner: Machine learning-based inference for particle physics}, 
      author={Johann Brehmer and Felix Kling and Irina Espejo and Kyle Cranmer},
      year={2020},
      eprint={1907.10621},
      archivePrefix={arXiv},
      primaryClass={hep-ph}
}

@inproceedings{Read:2000ru,
    author = "Read, Alexander L.",
    title = "{Modified frequentist analysis of search results (The CL(s) method)}",
    booktitle = "{Workshop on Confidence Limits}",
    reportNumber = "CERN-OPEN-2000-205",
    pages = "81--101",
    month = "8",
    year = "2000"
}

@book{Brazzale_Davison_Reid_2007, place={Cambridge}, series={Cambridge Series in Statistical and Probabilistic Mathematics}, title={Applied Asymptotics: Case Studies in Small-Sample Statistics}, publisher={Cambridge University Press}, author={Brazzale, A. R. and Davison, A. C. and Reid, N.}, year={2007}, collection={Cambridge Series in Statistical and Probabilistic Mathematics}}